@book{ALG-GEN-BOOK,
    author={Zbigniew Michalewicz},
    title={Algorytmy genetyczne + struktury danych = programy ewolucyjne},
    publisher={WNT},
    year={2003}
}

@article{JULIA-PUB,
    author={Jeff Bezanson, Alan Edelman, Stefan Karpinski and Viral B. Shah},
    title={Julia: A Fresh Approach to Numerical Computing.},
    journal={SIAM Review},
    year={2017},
    volume={59},
    pages={65-98}
}

@article{JULIA-PERFORMANCE,
    author={Jeff Bezanson, Stefan Karpinski, Viral B. Shah and Alan Edelman},
    title={Julia: A Fast Dynamic Language for Technical Computing.},
    journal={ArXiv:1209.5145},
    year={2012},
    month={September}
}

@article{SELECTION-METHODS, 
    title={Review of Selection Methods in Genetic Algorithms}, 
    volume={6}, 
    url={http://www.ijecs.in/index.php/ijecs/article/view/2562}, 
    number={12}, 
    journal={International Journal of Engineering and Computer Science}, 
    author={Saini, Nisha}, 
    year={2017}, 
    month={Dec.}, 
    pages={22261-22263} 
}