% Data utworzenia: 8.05.2018
% Źródło: https://www.sharelatex.com/learn/Bibliography_management_with_bibtex

@article{einstein,
    author =       "Albert Einstein",
    title =        "{Zur Elektrodynamik bewegter K{\"o}rper}. ({German})
        [{On} the electrodynamics of moving bodies]",
    journal =      "Annalen der Physik",
    volume =       "322",
    number =       "10",
    pages =        "891--921",
    year =         "1905",
    DOI =          "http://dx.doi.org/10.1002/andp.19053221004"
}
 
@book{latexcompanion,
    author    = "Michel Goossens and Frank Mittelbach and Alexander Samarin",
    title     = "The \LaTeX\ Companion",
    year      = "1993",
    publisher = "Addison-Wesley",
    address   = "Reading, Massachusetts"
}
 
@book{wilmott,
    author    = "Paul Wilmott",
    title     = "Paul Wilmott introduces Quantitative Finance",
    year      = "2007",
    publisher = "John Willey \& Sons, Ltd.",
    address   = "England"
}

@book{inzynieria,
    author    = "Aleksander Weron and Rafał Weron",
    title     = "Inżynieria finansowa. Wycena instrumentów pochodnych. Symulacje komputerowe. Statystyka rynku",
    year      = "2009",
    publisher = "Wydawnictwo Naukowo-Techniczne",
    address   = "Warszawa"
}

@book{stat,
    author    = "Małgorzata Doman and Ryszard Doman",
    title     = "Modelowanie zmienności i ryzka. Metody ekonometrii finansowej",
    year      = "2009",
    publisher = "Wolters Kluwer",
    address   = "Kraków"
}

@book{num,
    author    = "David Kincaid and Ward Cheney",
    title     = "Analiza numeryczna",
    year      = "2006",
    publisher = "Wydawnictow Naukowo-Techniczne",
    address   = "Warszawa"
}

@book{piont,
    author    = "Krzysztof Piontek",
    title     = "Modelowanie i prognozowanie zmienności instrumentów finansowych",
    year      = "2002",
    publisher = "Akademia Ekonomiczna we Wrocławiu (praca doktorska)",
    address   = "Wrocław"
}

@book{opcje,
    author    = "John Hull",
    title     = "Kontrakty terminowe i opcje",
    year      = "1998",
    publisher = "WIG-Press",
    address   = "Warszawa"
}

@book{kord,
    author    = "Wojciech Kordecki",
    title     = "Rachunek prawdopodobieństwa i statystyka matematyczna",
    year      = "2010",
    publisher = "Oficyna Wydawnicza GiS",
    address   = "Wrocław"
}

@book{num2,
    author    = "Zenon Fortuna and Bohdan Macukow and Janusz Wąsowski",
    title     = "Metody numeryczne",
    year      = "2017",
    publisher = "Wydawnictwo WNT",
    address   = "Warszawa"
}
